{
  "leader": "01899cam a2200445Ii 4500",
  "fields": [
    {
      "001": "on1242276858"
    },
    {
      "003": "OCoLC"
    },
    {
      "005": "20220707100130.0"
    },
    {
      "008": "720515t19851985nyuac\\\\\\\\b\\\\\\\\001\\0\\eng\\d"
    },
    {
      "010": {
        "ind1": "\\",
        "ind2": "\\",
        "subfields": [
          {
            "a": "   58016321 "
          }
        ]
      }
    },
    {
      "040": {
        "ind1": "\\",
        "ind2": "\\",
        "subfields": [
          {
            "a": "OTP"
          },
          {
            "b": "eng"
          },
          {
            "e": "rda"
          },
          {
            "c": "OTP"
          },
          {
            "d": "OCLCO"
          },
          {
            "d": "OCLCF"
          },
          {
            "d": "OCLCO"
          }
        ]
      }
    },
    {
      "016": {
        "ind1": "7",
        "ind2": "\\",
        "subfields": [
          {
            "a": "101092865"
          },
          {
            "2": "DNLM"
          }
        ]
      }
    },
    {
      "020": {
        "ind1": "\\",
        "ind2": "\\",
        "subfields": [
          {
            "a": "091685602X"
          }
        ]
      }
    },
    {
      "020": {
        "ind1": "\\",
        "ind2": "\\",
        "subfields": [
          {
            "a": "9780916856021"
          }
        ]
      }
    },
    {
      "035": {
        "ind1": "\\",
        "ind2": "\\",
        "subfields": [
          {
            "a": "(OCoLC)1242276858"
          }
        ]
      }
    },
    {
      "043": {
        "ind1": "\\",
        "ind2": "\\",
        "subfields": [
          {
            "a": "n-us---"
          }
        ]
      }
    },
    {
      "050": {
        "ind1": "0",
        "ind2": "\\",
        "subfields": [
          {
            "a": "HV5278.A78"
          },
          {
            "b": "A4 1957a"
          }
        ]
      }
    },
    {
      "060": {
        "ind1": "0",
        "ind2": "0",
        "subfields": [
          {
            "a": "WM 1"
          },
          {
            "b": "A12 1957"
          }
        ]
      }
    },
    {
      "082": {
        "ind1": "0",
        "ind2": "4",
        "subfields": [
          {
            "a": "178.6"
          },
          {
            "b": "ALC"
          }
        ]
      }
    },
    {
      "092": {
        "ind1": "\\",
        "ind2": "\\",
        "subfields": [
          {
            "a": "362.29286 ALCOH"
          }
        ]
      }
    },
    {
      "245": {
        "ind1": "0",
        "ind2": "0",
        "subfields": [
          {
            "a": "Alcoholics Anonymous comes of age :"
          },
          {
            "b": "a brief history of A.A."
          }
        ]
      }
    },
    {
      "264": {
        "ind1": "\\",
        "ind2": "1",
        "subfields": [
          {
            "a": "New York :"
          },
          {
            "b": "Alcoholics Anonymous World Services, Inc.,"
          },
          {
            "c": "[1985]"
          }
        ]
      }
    },
    {
      "264": {
        "ind1": "\\",
        "ind2": "4",
        "subfields": [
          {
            "c": "\u00a91985"
          }
        ]
      }
    },
    {
      "300": {
        "ind1": "\\",
        "ind2": "\\",
        "subfields": [
          {
            "a": "xi, 333 pages :"
          },
          {
            "b": "illustrations, portraits ;"
          },
          {
            "c": "22 cm"
          }
        ]
      }
    },
    {
      "336": {
        "ind1": "\\",
        "ind2": "\\",
        "subfields": [
          {
            "a": "text"
          },
          {
            "b": "txt"
          },
          {
            "2": "rdacontent"
          }
        ]
      }
    },
    {
      "337": {
        "ind1": "\\",
        "ind2": "\\",
        "subfields": [
          {
            "a": "unmediated"
          },
          {
            "b": "n"
          },
          {
            "2": "rdamedia"
          }
        ]
      }
    },
    {
      "338": {
        "ind1": "\\",
        "ind2": "\\",
        "subfields": [
          {
            "a": "volume"
          },
          {
            "b": "nc"
          },
          {
            "2": "rdacarrier"
          }
        ]
      }
    },
    {
      "504": {
        "ind1": "\\",
        "ind2": "\\",
        "subfields": [
          {
            "a": "Includes bibliographical references and index."
          }
        ]
      }
    },
    {
      "505": {
        "ind1": "0",
        "ind2": "\\",
        "subfields": [
          {
            "a": "When A.A. came of age / by Bill W., co-founder of Alcoholics Anonymous -- The three legacies of Alcoholics Anonymous: recovery, unity, service -- Four o'clock Sunday afternoon -- Medicine looks at Alcoholics Anonymous / by Dr. W.W. Bauer and Dr. Harry M. Tiebout -- Religion looks at Alcoholics Anonymous / by Mr. Bernard B. Smith -- Appendices."
          }
        ]
      }
    },
    {
      "610": {
        "ind1": "2",
        "ind2": "0",
        "subfields": [
          {
            "a": "Alcoholics Anonymous."
          }
        ]
      }
    },
    {
      "650": {
        "ind1": "\\",
        "ind2": "0",
        "subfields": [
          {
            "a": "Alcoholics"
          },
          {
            "x": "Rehabilitation."
          }
        ]
      }
    },
    {
      "650": {
        "ind1": "\\",
        "ind2": "0",
        "subfields": [
          {
            "a": "Alcoholics"
          },
          {
            "x": "Treatment."
          }
        ]
      }
    },
    {
      "650": {
        "ind1": "\\",
        "ind2": "0",
        "subfields": [
          {
            "a": "Twelve-step programs"
          },
          {
            "x": "Religious aspects"
          },
          {
            "x": "Christianity."
          }
        ]
      }
    },
    {
      "610": {
        "ind1": "2",
        "ind2": "7",
        "subfields": [
          {
            "a": "Alcoholics Anonymous."
          },
          {
            "2": "fast"
          },
          {
            "0": "(OCoLC)fst00528423"
          }
        ]
      }
    },
    {
      "650": {
        "ind1": "\\",
        "ind2": "7",
        "subfields": [
          {
            "a": "Alcoholics"
          },
          {
            "x": "Rehabilitation."
          },
          {
            "2": "fast"
          },
          {
            "0": "(OCoLC)fst00804437"
          }
        ]
      }
    },
    {
      "650": {
        "ind1": "\\",
        "ind2": "7",
        "subfields": [
          {
            "a": "Alcoholics"
          },
          {
            "x": "Treatment."
          },
          {
            "2": "fast"
          },
          {
            "0": "(OCoLC)fst00804456"
          }
        ]
      }
    },
    {
      "650": {
        "ind1": "\\",
        "ind2": "7",
        "subfields": [
          {
            "a": "Twelve-step programs"
          },
          {
            "x": "Religious aspects"
          },
          {
            "x": "Christianity."
          },
          {
            "2": "fast"
          },
          {
            "0": "(OCoLC)fst01159807"
          }
        ]
      }
    },
    {
      "994": {
        "ind1": "\\",
        "ind2": "\\",
        "subfields": [
          {
            "a": "Z0"
          },
          {
            "b": "NYRVC"
          }
        ]
      }
    },
    {
      "948": {
        "ind1": "\\",
        "ind2": "\\",
        "subfields": [
          {
            "h": "NO HOLDINGS IN NYRVC - 0 OTHER HOLDINGS"
          }
        ]
      }
    },
    {
      "999": {
        "ind1": "\\",
        "ind2": "\\",
        "subfields": [
          {
            "a": "00000000019254"
          }
        ]
      }
    }
  ]
}